<record><leader>00000cas a22000007a 4500</leader><controlfield tag="001">20227879</controlfield><controlfield tag="008">890821d19061910couwr ne      0    0eng d</controlfield><datafield ind1=" " ind2=" " tag="010"><subfield code="a">sn 89052229 </subfield></datafield><datafield ind1=" " ind2=" " tag="040"><subfield code="a">CNQ</subfield><subfield code="b">eng</subfield><subfield code="c">CNQ</subfield><subfield code="d">OCLCQ</subfield></datafield><datafield ind1=" " ind2=" " tag="042"><subfield code="a">msc</subfield></datafield><datafield ind1="0" ind2=" " tag="130"><subfield code="a">News free press (Lafayette, Colo.)</subfield></datafield><datafield ind1="1" ind2="4" tag="245"><subfield code="a">The news free press.</subfield></datafield><datafield ind1="3" ind2="0" tag="246"><subfield code="a">Erie news</subfield></datafield><datafield ind1=" " ind2=" " tag="260"><subfield code="a">Lafayette, Boulder County, Colo. :</subfield><subfield code="b">H.C. Kephart</subfield></datafield><datafield ind1=" " ind2=" " tag="300"><subfield code="a">v.</subfield></datafield><datafield ind1=" " ind2=" " tag="310"><subfield code="a">Weekly</subfield></datafield><datafield ind1="0" ind2=" " tag="362"><subfield code="a">Vol. 8, no. 42 (Apr. 14, 1906)-v. 13, no. 19 (Nov. 4, 1910).</subfield></datafield><datafield ind1=" " ind2=" " tag="500"><subfield code="a">Erie news is published within, beginning with Jan. 11, 1907 issue.</subfield></datafield><datafield ind1=" " ind2=" " tag="530"><subfield code="a">Available on microfilm from the Colorado Historical Society.</subfield></datafield><datafield ind1=" " ind2=" " tag="752"><subfield code="a">United States</subfield><subfield code="b">Colorado</subfield><subfield code="c">Boulder</subfield><subfield code="d">Lafayette.</subfield></datafield><datafield ind1="0" ind2=" " tag="777"><subfield code="t">Erie news</subfield><subfield code="w">(DLC)sn 89052228</subfield></datafield><datafield ind1="0" ind2="0" tag="780"><subfield code="t">Lafayette news (Lafayette, Colo.)</subfield><subfield code="w">(DLC)sn 89052227</subfield></datafield><datafield ind1="0" ind2="7" tag="785"><subfield code="t">Lafayette leader (Lafayette, Colo. : 1905)</subfield><subfield code="w">(DLC)sn 89052230</subfield></datafield><datafield ind1="0" ind2="7" tag="785"><subfield code="t">Lafayette leader and news free press, vol. 13</subfield><subfield code="w">(DLC)sn 90051984</subfield></datafield></record>